<?xml version="1.0" encoding="UTF-8"?><collection><record><leader>06470ntm a2200625 a 4500</leader><controlfield tag="001">006805015</controlfield><controlfield tag="003">MiAaHDL</controlfield><controlfield tag="005">20190719000000.0</controlfield><controlfield tag="006">m        d        </controlfield><controlfield tag="007">cr bn ---auaua</controlfield><controlfield tag="008">090529s1415    xx            00| ||ara d</controlfield><datafield tag="035" ind1=" " ind2=" "><subfield code="a">(MiU)006805015</subfield></datafield><datafield tag="035" ind1=" " ind2=" "><subfield code="a">sdr-miu006805015</subfield></datafield><datafield tag="040" ind1=" " ind2=" "><subfield code="a">MiU</subfield><subfield code="c">MiU</subfield><subfield code="e">amremm</subfield></datafield><datafield tag="043" ind1=" " ind2=" "><subfield code="a">n-us-mi</subfield></datafield><datafield tag="100" ind1="1" ind2=" "><subfield code="6">880-01</subfield><subfield code="a">Zāhidī al-Ghazmīnī, Mukhtār ibn Maḥmūd,</subfield><subfield code="d">-1259 or 1260.</subfield></datafield><datafield tag="240" ind1="1" ind2="0"><subfield code="6">880-02</subfield><subfield code="a">Qunyat al-Munyah li-tatmīm al-ghunyah</subfield></datafield><datafield tag="245" ind1="1" ind2="0"><subfield code="6">880-03</subfield><subfield code="a">Qunyat al-Munyah,</subfield><subfield code="f">[818, i.e. 1415].</subfield></datafield><datafield tag="246" ind1="3" ind2=" "><subfield code="i">Title from inscription on front flyleaf:</subfield><subfield code="a">قنية المنية</subfield></datafield><datafield tag="246" ind1="3" ind2=" "><subfield code="6">880-04</subfield><subfield code="i">Title from inscription on 'title page' (p.17):</subfield><subfield code="a">Qunyat al-fatāwá</subfield></datafield><datafield tag="260" ind1=" " ind2=" "><subfield code="c">[1415].</subfield></datafield><datafield tag="300" ind1=" " ind2=" "><subfield code="a">150 leaves :</subfield><subfield code="b">paper ;</subfield><subfield code="c">267 x 185 (220 x 130) mm.</subfield></datafield><datafield tag="500" ind1=" " ind2=" "><subfield code="a">Shelfmark: Ann Arbor, University of Michigan, Special Collections Library, Isl. Ms. 576</subfield></datafield><datafield tag="500" ind1=" " ind2=" "><subfield code="a">Origin: As appears in colophon on p.315, transcription completed Muḥarram 818 [March-April 1415].</subfield></datafield><datafield tag="500" ind1=" " ind2=" "><subfield code="a">Accompanying materials: a. Slip, likely in hand of Yahuda, with notes on the manuscript (pp.7-8) -- b. Inventory cataloguing slip in hand of Winifred Smeaton Thomas. (pp.9-10)-- c. Acquisitions slip from Yahuda. (pp.11-12) -- d. Insert with notes (pp. 47-48).</subfield></datafield><datafield tag="500" ind1=" " ind2=" "><subfield code="a">Former shelfmark: From inner front cover and spine label, "IL 282a" (likely supplied by Yahuda, see acquisitions slip).</subfield></datafield><datafield tag="500" ind1=" " ind2=" "><subfield code="a">Binding: Pasteboards covered in red leather ; Type II binding (with flap, now lost) ; board linings in blue-tinted laid paper ; upper and lower covers carry blind-stamped scalloped mandorla (filled with vegetal decoration, compare Déroche class. OSd 8) along with a border in tooled fillets ; sewn in white thread, two stations, many threads broken or loose ; overall in poor condition with flap entirely lost, abrasion, staining, lifting and losses of leather, negative draw in upper cover, etc. ; repair to spine in linen textile.</subfield></datafield><datafield tag="500" ind1=" " ind2=" "><subfield code="a">Support: non-European (likely Arab) laid paper with 6-7 laid lines per cm. (20 in 29 mm., horizontal, fairly distinct and curving) and chain lines (vertical) grouped in threes with 9-12 mm. between chains and 44-48 mm. between groups ; dark beige in color, fairly thick and sturdy, well-burnished to glossy ; some leaves possibly tinted dull yellow ; flyleaves in European laid paper, crown-star-crescent watermark in front flyleaf (p.6).</subfield></datafield><datafield tag="500" ind1=" " ind2=" "><subfield code="a">Decoration: Keywords, abbrevations (abbreviation symbols), and section headings rubricated.</subfield></datafield><datafield tag="500" ind1=" " ind2=" "><subfield code="a">Script: Naskh ; elegant Turkish hand ; serifless with occasional slight effect of tilt to the right or of words descending to baseline, quite rounded and freely ligatured, some elongation of horizontal strokes, pointing in curved strokes rather than distinct dots, initial hāʼ often looking like two inverted commas situated one above the other, kāf mashqūqah preferred, partially vocalized.</subfield></datafield><datafield tag="500" ind1=" " ind2=" "><subfield code="a">Layout: Written in 23 lines per page ; frame-ruled.</subfield></datafield><datafield tag="500" ind1=" " ind2=" "><subfield code="a">Collation: iv, IV-1 (7), 16 IV(135), IV+1 (144), III (150), i ; chiefly quaternions ; foliation in black ink, Hindu-Arabic numerals ; pagination in pencil, Western numerals, supplied during digitization (includes flyleaves and inserts).</subfield></datafield><datafield tag="500" ind1=" " ind2=" "><subfield code="a">Colophon: "Scribal," reads: "تم كتاب القنية بعون الله والمنة في المحرم الواقع من شهور حجة ثامن عشر وثمانمائة هجرية"</subfield></datafield><datafield tag="500" ind1=" " ind2=" "><subfield code="a">Explicit: "فشهد عليه الوارثان المقران به هل تقبل شهادتهما كشهادتهما بالدين ام لا"</subfield></datafield><datafield tag="500" ind1=" " ind2=" "><subfield code="a">Incipit: "الحمد لله الذي اوضح معالم العلوم واعلى منارها ونشر في ملكوت السموات والارض اضواءها وانوارها ... وبعد ولما خلت عوالم الفضائل عن فقهاء البرية وكثرت وقوع الحوادث الشرعية ... قد شذت عن اصول المتقدمين ولا يوجد في شروح اكثر المتأخرين الا في تصنيف استاذي ... فخر الملة والدين بديع بن ابي منصور العربي ... فاستدفهت [استهدفت] منها لبابها وحررت على رسم سائر الكتب جوابها وسميته قنية المنية ورقمت اسامي الكتب والمفتين باول حروفها ..."</subfield></datafield><datafield tag="500" ind1=" " ind2=" "><subfield code="a">Title from opening on p.18.</subfield></datafield><datafield tag="500" ind1=" " ind2=" "><subfield code="a">Ms. codex.</subfield></datafield><datafield tag="510" ind1="4" ind2=" "><subfield code="a">Ḥājjī Khalīfah. Kashf al-ẓunūn,</subfield><subfield code="c">iv, 572</subfield></datafield><datafield tag="510" ind1="4" ind2=" "><subfield code="a">Brockelmann, C. GAL,</subfield><subfield code="c">I, 382 (44/1)</subfield></datafield><datafield tag="520" ind1="8" ind2=" "><subfield code="a">Fine copy of the compilation of Ḥanafī legal decisions, abridged from the work Munyat al-fuqahāʼ of his master Fakhr al-Dīn Badīʻ ibn Abī Manṣūr al-ʻArabī al-ʻIrāqī al-Quzabnī [al-Qubaznī]. Table of abbreviations employed (p.16-17) and table of contents precede text (p.17).</subfield></datafield><datafield tag="538" ind1=" " ind2=" "><subfield code="a">Mode of access: Internet.</subfield></datafield><datafield tag="541" ind1=" " ind2=" "><subfield code="a">Acquired in 1926 from the bookseller Isaac Benjamin S.E. Yahuda via purchase transacted on his behalf by Abraham Shalom Yahuda (1877-1951), his younger brother.</subfield></datafield><datafield tag="546" ind1=" " ind2=" "><subfield code="a">Arabic.</subfield></datafield><datafield tag="561" ind1=" " ind2=" "><subfield code="a">Ownership statement in name of ʻAlī ibn Ibrāhim accompanied by oval seal impression appears on 'title page' (p.17), reads "مما [...؟] التقدير وانا العبد المذنب الفقير علي ابن الحاج ابراهيم المحتاج الى رحمة القدير عفي عنهما" ; also on 'title page' (p.17), another oval seal impression dated 1057 [1647 or 8] ; numerous glosses and marginal corrections ; notabilia (side-heads) ; collation marks (mainly "بلغ").</subfield></datafield><datafield tag="600" ind1="1" ind2="0"><subfield code="a">Quzabnī, Badīʻ ibn Abī Manṣūr,</subfield><subfield code="d">13th cent.</subfield><subfield code="t">Munyat al-fuqahāʼ.</subfield></datafield><datafield tag="650" ind1=" " ind2="0"><subfield code="a">Manuscripts, Arabic</subfield><subfield code="z">Michigan</subfield><subfield code="z">Ann Arbor.</subfield></datafield><datafield tag="650" ind1=" " ind2="0"><subfield code="a">Hanafites</subfield><subfield code="v">Early works to 1800.</subfield></datafield><datafield tag="650" ind1=" " ind2="0"><subfield code="a">Islamic law</subfield><subfield code="x">Interpretation and construction</subfield><subfield code="v">Early works to 1800.</subfield></datafield><datafield tag="700" ind1="0" ind2=" "><subfield code="6">880-07</subfield><subfield code="a">ʻAlī ibn Ibrāhīm,</subfield><subfield code="e">former owner.</subfield></datafield><datafield tag="773" ind1="0" ind2=" "><subfield code="a">Yahuda Collection.</subfield></datafield><datafield tag="880" ind1="0" ind2=" "><subfield code="6">700-07/</subfield><subfield code="a">علي بن ابراهيم,</subfield><subfield code="e">مالك سابق.</subfield></datafield><datafield tag="880" ind1="3" ind2=" "><subfield code="6">246-04/</subfield><subfield code="a">قنية الفتاوى</subfield></datafield><datafield tag="880" ind1="1" ind2="0"><subfield code="6">245-03/</subfield><subfield code="a">قنية المنية,</subfield><subfield code="f">[818ه، 1415م].</subfield></datafield><datafield tag="880" ind1="1" ind2="0"><subfield code="6">240-02/</subfield><subfield code="a">قنية المنية لتتميم الغنية</subfield></datafield><datafield tag="880" ind1="1" ind2=" "><subfield code="6">100-01/</subfield><subfield code="a">زاهدي الغزميني، مختار بن محمود.</subfield></datafield><datafield tag="CID" ind1=" " ind2=" "><subfield code="a">006805015</subfield></datafield><datafield tag="DAT" ind1="0" ind2=" "><subfield code="a">20190719102637.0</subfield><subfield code="b">20190719000000.0</subfield></datafield><datafield tag="DAT" ind1="1" ind2=" "><subfield code="a">20190719090653.0</subfield><subfield code="b">2019-07-19T16:11:59Z</subfield></datafield><datafield tag="DAT" ind1="2" ind2=" "><subfield code="a">2015-10-02T18:00:03Z</subfield></datafield><datafield tag="CAT" ind1=" " ind2=" "><subfield code="a">SDR-MIU</subfield><subfield code="d">EX LIBRIS - ALEPH</subfield><subfield code="l">prepare.pl-004-008</subfield></datafield><datafield tag="FMT" ind1=" " ind2=" "><subfield code="a">BK</subfield></datafield><datafield tag="HOL" ind1=" " ind2=" "><subfield code="0">sdr-miu006805015</subfield><subfield code="a">MiU</subfield><subfield code="b">SDR</subfield><subfield code="c">MIU</subfield><subfield code="p">mdp.39015079127034</subfield><subfield code="s">MIU</subfield><subfield code="1">006805015</subfield></datafield><datafield tag="974" ind1=" " ind2=" "><subfield code="b">MIU</subfield><subfield code="c">MIU</subfield><subfield code="d">20190719</subfield><subfield code="s">lit-dlps-dc</subfield><subfield code="u">mdp.39015079127034</subfield><subfield code="y">1415</subfield><subfield code="r">pd</subfield><subfield code="q">bib</subfield><subfield code="t">non-US bib date1 &lt; 1879</subfield></datafield></record></collection>